 @book{Cousteau1963,
abstract = {In The Living Sea Jacques Yves Cousteau describes the rich and exciting progress made in exploring life under water by the numerous scientific expeditions which he has been directing since, in his earlier book, The Silent World, he wrote this classic account of man's first experience on the continent below the sea.},
address = {London},
author = {{Cousteau Jacques} and {Dugan James}},
pages = {1--212},
publisher = {Hamish Hamilton},
title = {{The Living Sea: by Jacques-Yves Cousteau}},
type = {Book},
year = {1963}
}

@Online{Bitcoin,
author = {Satoshi Nakamoto},
title = {Bitcoin: A Peer-to-Peer Electronic Cash System},
year = 2009,
url = {https://bitcoin.org/bitcoin.pdf},
note = {visited on 2017-12-01}
}

@Online{Bitcoindev,
author = {Bitcoin Core Team, The},
title = {Bitcoin Developer Reference},
year = 2017,
url = {https://bitcoin.org/en/developer-reference#block-headers},
note = {visited on 2017-12-03}
}

@Online{Bitcoindevreference,
author = {Okupski, Krzysztof},
title = {Bitcoin Developer Reference},
year = 2016,
pages = {3--4},
url = {https://lopp.net/pdf/Bitcoin_Developer_Reference.pdf},
note = {visited on 2017-12-03}
}

@Online{PIVX,
author = {Jakiman},
title = {PIVX Purple Paper},
year = 2017,
url = {https://pivx.org/wp-content/uploads/2017/03/PIVX-purple-paper-Technincal-Notes.pdf},
note = {visited on 2017-12-06}
}

@Online{DASH,
author = {Duffield, Evan},
title = {Dash: A Privacy-Centric Crypto-Currency},
year = 2017,
url = {https://github.com/dashpay/dash/wiki/Whitepaper},
note = {visited on 2017-12-08}
}

@Online{Blackcoin,
author = {Blackcoin Core Team, The},
title = {Security Analysis of Proof-of-Stake Protocol v3.0},
year = 2016,
url = {https://bravenewcoin.com/assets/Whitepapers/Blackcoin-POS-3.pdf},
note = {visited on 2017-12-10}
}

@Online{Zerocoin,
author = {Miers, Ian; Garman, Christina; Green, Matthew; Rubin, Aviel D},
title = {Zerocoin: Anonymous Distributed E-Cash from Bitcoin},
year = 2013,
url = {http://spar.isi.jhu.edu/~mgreen/ZerocoinOakland.pdf},
note = {visited on 2018-09-10}
}

@Online{NIST,
author = {Chang, Shu-Jen and Perlner, Ray and Burr, William E. and Turan, Meltem Sönmez and Kelsey, John M and Paul, Souradyuti and Bassham, Lawrence E.},
title = {Third-Round Report of the SHA-3 Cryptographic Hash Algorithm Competition},
year = 2012,
url = {http://nvlpubs.nist.gov/nistpubs/ir/2012/NIST.IR.7896.pdf},
note = {visited on 2017-12-12}
}

@Online{Blake,
author = {Aumasson, Jean-Phillipe Henzen, Luca Meier, Willi C.-W. Phan, Raphael},
title = {SHA-3 Proposal: BLAKE},
year = 2010,
url = {https://131002.net/blake/blake.pdf},
note = {visited on 2017-12-13}
}

@Online{JH,
author = {Wu, Hongjun},
title = {The Hash Function JH},
year = 2012,
url = {http://www3.ntu.edu.sg/home/wuhj/research/jh/jh_round3.pdf},
note = {visited on 2017-12-13}
}

@Online{Grostl,
author = {Gauravaram1, Praveen and Knudsen, Lars R. and Matusiewicz, Krystian and Mendel, Florian and Rechberger, Christian and Schl¨affer, Martin and Thomsen, Søren S.},
title = {Grøstl – a SHA-3 candidate},
year = 2011,
url = {http://www.groestl.info/Groestl.pdf},
note = {visited on 2017-12-13}
}

@Online{Keccak,
author = {Bertoni, Guido and Daemen, Joan and Peeters, Michel and Van Assche, Gilles},
title = {The Keccak SHA-3 Submission},
year = 2012,
url = {https://keccak.team/files/Keccak-submission-3.pdf},
note = {visited on 2017-12-13}
}

@Online{Skein,
author = {Ferguson, Niels Lucks and Schneier, Stefan and Whiting, Bruce and Bellare, Doug and Kohno, Mihir and Callas, Tadayoshi and Walker, Jon},
title = {The Skein Hash Function Family},
url = {http://www.skein-hash.info/sites/default/files/skein1.3.pdf},
year = 2010,
note = {visited on 2017-12-14}
}

@Online{Crosby,
author = {Crosby, Michael and Nachiappan and Pattanayak, Pradhan and Verma, Sanjeev and Kalyanaraman, Vingesh},
title = {BlockChain Technology},
url = {http://scet.berkeley.edu/wp-content/uploads/BlockchainPaper.pdf},
year = 2015,
note = {visited on 2017-12-14}
}

@Online{Instamine,
author = {Wiecko, Robert},
title = {Dash Instamine Issue Clarification},
url = {https://dashpay.atlassian.net/wiki/spaces/OC/pages/19759164/Dash+Instamine+Issue+Clarification},
year = 2017,
note = {visited on 2017-12-14}
}

@Online{PrivateSend,
author = {Kiraly, Balazs},
title = {PrivateSend},
url = {https://dashpay.atlassian.net/wiki/spaces/DOC/pages/1146924/PrivateSend},
year = 2017,
note = {visited on 2017-12-14}
}

@Online{Sporks,
author = {Strophy},
title = {Understanding Sporks},
url = {https://dashpay.atlassian.net/wiki/spaces/DOC/pages/128319489/Understanding+Sporks},
year = 2017,
note = {visited on 2017-12-14}
}

@Online{InstantSend,
author = {Kiraly, Balazs},
title = {InstantSend},
url = {https://dashpay.atlassian.net/wiki/spaces/DOC/pages/1146928/InstantSend},
year = 2017,
note = {visited on 2017-12-15}
}
